

@article{markovcondition,
  title = {Operational Markov Condition for Quantum Processes},
  author = {Pollock, Felix A. and Rodr\'{\i}guez-Rosario, C\'esar and Frauenheim, Thomas and Paternostro, Mauro and Modi, Kavan},
  journal = {Phys. Rev. Lett.},
  volume = {120},
  issue = {4},
  pages = {040405},
  numpages = {6},
  year = {2018},
  month = {Jan},
  publisher = {American Physical Society},
  doi = {10.1103/PhysRevLett.120.040405},
  url = {https://link.aps.org/doi/10.1103/PhysRevLett.120.040405}
}

@article{CPdoesnotimply,
	title = {Completely Positive Divisibility Does Not Mean Markovianity},
	author = {Modi, Kavan and Milz, Simon and Kim, M. S. and Pollock, Felix A.},
	journal = {Phys. Rev. Lett.},
	volume = {123},
	issue = {4},
	pages = {040401},
	numpages = {6},
	year = {2019},
	month = {07},
	publisher = {American Physical Society},
	doi = {10.1103/PhysRevLett.123.040401},
	url = {https://link.aps.org/doi/10.1103/PhysRevLett.123.040401}
}

@book{nielsen2010quantum,
	title={Quantum computation and quantum information},
	author={Nielsen, Michael A and Chuang, Isaac},
	year={2010},
	publisher={Cambridge University Press}
}

@book{breuer2007theory,
	title={The theory of open quantum systems},
	author={Breuer, Heinz-Peter and Petruccione, Francesco and others},
	year={2007},
	publisher={Oxford University Press}
}

@article{budini2018quantum,
	title = {Quantum Non-Markovian Processes Break Conditional Past-Future Independence},
	author = {Budini, Adri\'an A.},
	journal = {Phys. Rev. Lett.},
	volume = {121},
	issue = {24},
	pages = {240401},
	numpages = {6},
	year = {2018},
	month = {Dec},
	publisher = {American Physical Society},
	doi = {10.1103/PhysRevLett.121.240401},
	url = {https://link.aps.org/doi/10.1103/PhysRevLett.121.240401}
}

@article{breuer2016colloquium,
	title = {Colloquium: Non-Markovian dynamics in open quantum systems},
	author = {Breuer, Heinz-Peter and Laine, Elsi-Mari and Piilo, Jyrki and Vacchini, Bassano},
	journal = {Rev. Mod. Phys.},
	volume = {88},
	issue = {2},
	pages = {021002},
	numpages = {24},
	year = {2016},
	month = {Apr},
	publisher = {American Physical Society},
	doi = {10.1103/RevModPhys.88.021002},
	url = {https://link.aps.org/doi/10.1103/RevModPhys.88.021002}
}

@book{norris1998markov,
	title={Markov chains},
	author={Norris, James R},
	number={2},
	year={1998},
	publisher={Cambridge University Press}
}
